<record><leader>00000cas a22000007a 4500</leader><controlfield tag="001">27969626</controlfield><controlfield tag="008">930423d18761896scuwr ne      0    0eng d</controlfield><datafield ind1=" " ind2=" " tag="010"><subfield code="a">sn 93067713 </subfield></datafield><datafield ind1=" " ind2=" " tag="040"><subfield code="a">SVN</subfield><subfield code="b">eng</subfield><subfield code="c">SVN</subfield><subfield code="d">OCLCQ</subfield></datafield><datafield ind1=" " ind2=" " tag="042"><subfield code="a">msc</subfield></datafield><datafield ind1="0" ind2=" " tag="130"><subfield code="a">Florence times (Florence, S.C. : 1876)</subfield></datafield><datafield ind1="1" ind2="0" tag="245"><subfield code="a">Florence times.</subfield></datafield><datafield ind1="3" ind2="0" tag="246"><subfield code="a">Florence weekly times</subfield></datafield><datafield ind1=" " ind2=" " tag="260"><subfield code="a">Florence, S.C. :</subfield><subfield code="b">C.H. Prince</subfield></datafield><datafield ind1=" " ind2=" " tag="300"><subfield code="a">v.</subfield></datafield><datafield ind1=" " ind2=" " tag="310"><subfield code="a">Weekly</subfield></datafield><datafield ind1="1" ind2=" " tag="362"><subfield code="a">Began in 1876; ceased in 1896.</subfield></datafield><datafield ind1=" " ind2=" " tag="588"><subfield code="a">Description based on: Vol. 28, no. 14 (Jan. 7, 1884).</subfield></datafield><datafield ind1=" " ind2="4" tag="651"><subfield code="a">Florence County (S.C.)</subfield><subfield code="v">Newspapers.</subfield></datafield><datafield ind1=" " ind2=" " tag="752"><subfield code="a">United States</subfield><subfield code="b">South Carolina</subfield><subfield code="c">Florence</subfield><subfield code="d">Florence.</subfield></datafield><datafield ind1="0" ind2=" " tag="775"><subfield code="t">Florence daily times</subfield><subfield code="w">(DLC)sn 86063771</subfield></datafield><datafield ind1="0" ind2="7" tag="785"><subfield code="t">Banner messenger (Florence, S.C.)</subfield><subfield code="w">(DLC)sn 93067829</subfield></datafield><datafield ind1="0" ind2="7" tag="785"><subfield code="t">Times-messenger (Florence, S.C.)</subfield><subfield code="w">(DLC)sn 93067728</subfield></datafield></record>